<?xml version="1.0" encoding="UTF-8"?><collection xmlns="http://www.loc.gov/MARC21/slim"><record><leader>00390nam--2200121-i-4500</leader><controlfield tag="001">000024277</controlfield><controlfield tag="002">20161230</controlfield><controlfield tag="005">20161230201035</controlfield><controlfield tag="008">060222s1000------------r-----000-0-eng-d</controlfield><datafield ind1=" " ind2=" " tag="080"><subfield code="a">550.34</subfield></datafield><datafield ind1=" " ind2=" " tag="245"><subfield code="a">Individual st udies by participants t the int.inst.of seismology and earthquake engineering</subfield></datafield><datafield ind1=" " ind2=" " tag="260"><subfield code="a">Tatehara, Int.Inst.Of Seismology And Earthquake Engineering, 1981. 313p</subfield></datafield><datafield ind1=" " ind2=" " tag="852"><subfield code="a">78762</subfield></datafield></record></collection>